@inproceedings{du:2013,
 author = {Du, Yu and Zhou, Miao and Childers, Bruce R. and Moss{\'e}, Daniel and Melhem, Rami},
 title = {Bit Mapping for Balanced PCM Cell Programming},
 booktitle = {International Symposium on Computer Architecture},
 series = {ISCA '13},
 year = {2013},
 isbn = {978-1-4503-2079-5},
 location = {Tel-Aviv, Israel},
 pages = {428--439},
 numpages = {12},
 url = {http://doi.acm.org/10.1145/2485922.2485959},
 doi = {10.1145/2485922.2485959},
 acmid = {2485959},
 publisher = {ACM},
 address = {New York, NY, USA},
 keywords = {memory write performance, phase-change memory},
}