@article{rodriguez1985consideraciones,
  title={Consideraciones relativas a la actuación y límites de las oposiciones fonológicas interrupto/continuo y tenso/flojo en español},
  author={Rodríguez, Alexandre Veiga},
  journal={Verba: Anuario galego de filoloxia},
  number={12},
  pages={253--286},
  year={1985},
  publisher={Servicio de Publicaciones}
}
