@ARTICLE{Article,
  author = {Name Surname and Name Surname},
  title = {An article title},
  journal = {The Journal},
  year = {2017},
  pages = {0-10}
}


@BOOK{Book,
  title = {A book title},
  publisher = {The Publisher},
  year = {2017},
  author = {Name Surname and Name Surname}
}
